<record><leader>00000cas a22000007a 4500</leader><controlfield tag="001">16314432</controlfield><controlfield tag="008">870729d194819uupauwr ne      0   a0eng d</controlfield><datafield ind1=" " ind2=" " tag="010"><subfield code="a">sn 87080455 </subfield></datafield><datafield ind1=" " ind2=" " tag="040"><subfield code="a">NPH</subfield><subfield code="b">eng</subfield><subfield code="c">NPH</subfield><subfield code="d">NSD</subfield><subfield code="d">DLC</subfield><subfield code="d">OCLCQ</subfield></datafield><datafield ind1=" " ind2=" " tag="012"><subfield code="l">1</subfield><subfield code="m">d</subfield></datafield><datafield ind1="1" ind2=" " tag="022"><subfield code="a">1058-6865</subfield><subfield code="l">1058-6865</subfield><subfield code="2">1</subfield></datafield><datafield ind1=" " ind2=" " tag="037"><subfield code="b">Barsten Media, Inc., 211 S. State St., Clarks Summit, PA 18411-1546</subfield></datafield><datafield ind1=" " ind2=" " tag="042"><subfield code="a">msc</subfield><subfield code="a">nsdp</subfield></datafield><datafield ind1="0" ind2=" " tag="130"><subfield code="a">Abington journal (Clarks Summit, Pa.)</subfield></datafield><datafield ind1=" " ind2="0" tag="222"><subfield code="a">Abington journal</subfield><subfield code="b">(Clarks Summit, Pa.)</subfield></datafield><datafield ind1="1" ind2="4" tag="245"><subfield code="a">The Abington journal.</subfield></datafield><datafield ind1=" " ind2=" " tag="260"><subfield code="a">Clarks Summit, Pa. :</subfield><subfield code="b">[Abington Pub. Co.]</subfield></datafield><datafield ind1=" " ind2=" " tag="300"><subfield code="a">v. :</subfield><subfield code="b">ill. ;</subfield><subfield code="c">41-58 cm.</subfield></datafield><datafield ind1=" " ind2=" " tag="310"><subfield code="a">Weekly</subfield></datafield><datafield ind1="1" ind2=" " tag="362"><subfield code="a">Began in 1948.</subfield></datafield><datafield ind1=" " ind2=" " tag="500"><subfield code="a">Published every Thursday.</subfield></datafield><datafield ind1=" " ind2=" " tag="500"><subfield code="a">Editor: Henry H. Null, III, &lt;1960&gt;.</subfield></datafield><datafield ind1=" " ind2=" " tag="588"><subfield code="a">Description based on: Vol. 12, no. 7 (Feb. 18, 1960).</subfield></datafield><datafield ind1=" " ind2=" " tag="588"><subfield code="a">Latest issue consulted: Vol. 63, no. 35 (May 22, 1991).</subfield></datafield><datafield ind1=" " ind2=" " tag="752"><subfield code="a">United States</subfield><subfield code="b">Pennsylvania</subfield><subfield code="c">Lackawanna</subfield><subfield code="d">Clarks Summit.</subfield></datafield><datafield ind1="0" ind2="0" tag="780"><subfield code="t">Abington press</subfield></datafield><datafield ind1="0" ind2="5" tag="780"><subfield code="t">Voice (Clarks Summit, Pa.)</subfield><subfield code="w">(DLC)sn 87080454</subfield></datafield><datafield ind1="0" ind2="0" tag="785"><subfield code="t">Journal (Clarks Summit, Pa.)</subfield><subfield code="x">1931-8871</subfield><subfield code="w">(DLC)  2006213707</subfield><subfield code="w">(OCoLC)68695088</subfield></datafield><datafield ind1="1" ind2=" " tag="029"><subfield code="a">AU@</subfield><subfield code="b">000040191299</subfield></datafield></record>